[{"headers": [["Consolidated Balance Sheets (Unaudited) - USD ($) $ in Millions", "Jun. 30, 2021", "Dec. 31, 2020"]], "sections": ["Current assets", "Current liabilities", "Stockholders' equity", "Current assets", "Current assets"], "data": [["Cash and cash equivalents", "$ 16,229", "$ 19,384"], ["Accounts receivable, net", "2,129", "1,886"], ["Inventory", "4,733", "4,101"], ["Prepaid expenses and other current assets", "1,602", "1,346"], ["Total current assets", "24,693", "26,717"], ["Property, plant and equipment, net", "15,665", "12,747"], ["Operating lease right-of-use assets", "1,734", "1,558"], ["Digital assets, net", "1,311", "0"], ["Intangible assets, net", "283", "313"], ["Goodwill", "203", "207"], ["Other non-current assets", "1,626", "1,536"], ["Total assets", "55,146", "52,148"], ["Accounts payable", "7,558", "6,051"], ["Accrued liabilities and other", "4,778", "3,855"], ["Deferred revenue", "1,693", "1,458"], ["Customer deposits", "812", "752"], ["Current portion of debt and finance leases", "1,530", "2,132"], ["Total current liabilities", "16,371", "14,248"], ["Debt and finance leases, net of current portion", "7,871", "9,556"], ["Deferred revenue, net of current portion", "1,318", "1,284"], ["Other long-term liabilities", "3,336", "3,330"], ["Total liabilities", "28,896", "28,418"], ["Commitments and contingencies (Note 12)", "", ""], ["Redeemable noncontrolling interests in subsidiaries", "605", "604"], ["Convertible senior notes (Note 10)", "", "51"], ["Preferred stock; $0.001 par value; 100 shares authorized; no shares issued and outstanding", "", ""], ["Common stock; $0.001 par value; 2,000 shares authorized; 984 shares and 960 shares issued and outstanding as of June 30, 2021 and December 31, 2020, respectively", "1", "1"], ["Additional paid-in capital", "28,205", "27,260"], ["Accumulated other comprehensive income", "206", "363"], ["Accumulated deficit", "(3,608)", "(5,399)"], ["Total stockholders' equity", "24,804", "22,225"], ["Noncontrolling interests in subsidiaries", "841", "850"], ["Total liabilities and equity", "55,146", "52,148"], ["Operating Lease Vehicles [Member]", "", ""], ["Operating lease vehicles, net", "3,748", "3,091"], ["Solar Energy Systems [Member]", "", ""], ["Solar energy systems, net", "$ 5,883", "$ 5,979"]]}, {"headers": [["Consolidated Statements of Operations (Unaudited) - USD ($) shares in Millions, $ in Millions", "3 Months Ended", "6 Months Ended"], ["Jun. 30, 2021", "Jun. 30, 2020", "Jun. 30, 2021", "Jun. 30, 2020"]], "sections": ["Revenues", "Cost of revenues", "Operating expenses", "Net income (loss) per share of common stock attributable to common stockholders", "Weighted average shares used in computing net income (loss) per share of common stock", "Revenues", "Cost of revenues", "Revenues", "Cost of revenues", "Revenues", "Cost of revenues", "Revenues", "Cost of revenues", "Revenues", "Cost of revenues"], "data": [["Total revenues", "", "$ 11,958", "$ 6,036", "$ 22,347", "$ 12,021"], ["Total cost of revenues", "", "9,074", "4,769", "17,248", "9,520"], ["Gross profit", "", "2,884", "1,267", "5,099", "2,501"], ["Research and development", "", "576", "279", "1,242", "603"], ["Selling, general and administrative", "", "973", "661", "2,029", "1,288"], ["Restructuring and other", "", "23", "", "(78)", ""], ["Total operating expenses", "", "1,572", "940", "3,193", "1,891"], ["Income from operations", "", "1,312", "327", "1,906", "610"], ["Interest income", "", "11", "8", "21", "18"], ["Interest expense", "", "(75)", "(170)", "(174)", "(339)"], ["Other income (expense), net", "", "45", "(15)", "73", "(69)"], ["Income before income taxes", "", "1,293", "150", "1,826", "220"], ["Provision for income taxes", "", "115", "21", "184", "23"], ["Net income (loss)", "", "1,178", "129", "1,642", "197"], ["Net income attributable to noncontrolling interests and redeemable noncontrolling interests in subsidiaries", "", "36", "25", "62", "77"], ["Net income attributable to common stockholders", "", "$ 1,142", "$ 104", "$ 1,580", "$ 120"], ["Basic", "[1]", "$ 1.18", "$ 0.11", "$ 1.64", "$ 0.13"], ["Diluted", "[1]", "$ 1.02", "$ 0.10", "$ 1.41", "$ 0.12"], ["Basic", "[1]", "971", "928", "966", "921"], ["Diluted", "[1]", "1,119", "1,036", "1,126", "1,016"], ["Automobiles [Member]", "", "", "", "", ""], ["Revenues", "", "$ 9,874", "$ 4,911", "$ 18,579", "$ 9,804"], ["Automotive leasing", "", "332", "268", "629", "507"], ["Total revenues", "", "10,206", "5,179", "19,208", "10,311"], ["Cost of revenues", "", "7,119", "3,714", "13,576", "7,413"], ["Automotive leasing", "", "188", "148", "348", "270"], ["Total cost of revenues", "", "7,307", "3,862", "13,924", "7,683"], ["Energy Generation and Storage [Member]", "", "", "", "", ""], ["Total revenues", "", "801", "370", "1,295", "663"], ["Total cost of revenues", "", "781", "349", "1,376", "631"], ["Services And Other [Member]", "", "", "", "", ""], ["Revenues", "", "951", "487", "1,844", "1,047"], ["Total cost of revenues", "", "986", "558", "1,948", "1,206"], ["Automotive Segment [Member]", "", "", "", "", ""], ["Total revenues", "", "11,157", "5,666", "21,052", "11,358"], ["Gross profit", "", "2,864", "1,246", "5,180", "2,469"], ["Energy Generation And Storage Segment [Member]", "", "", "", "", ""], ["Total revenues", "", "801", "370", "1,295", "663"], ["Gross profit", "", "$ 20", "$ 21", "$ (81)", "$ 32"], [""], ["[1]\nPrior period results have been adjusted to reflect the five-for-one stock split effected in the form of a stock dividend in August 2020.", "[1]", "Prior period results have been adjusted to reflect the five-for-one stock split effected in the form of a stock dividend in August 2020."], ["[1]", "Prior period results have been adjusted to reflect the five-for-one stock split effected in the form of a stock dividend in August 2020."]]}, {"headers": [["Consolidated Statements of Redeemable Noncontrolling Interest and Stockholders' Equity (Unaudited) - USD ($) shares in Millions, $ in Millions", "Total", "February 2020 Public Offering [Member]", "Redeemable Noncontrolling Interests [Member]", "Common Stock [Member]", "Common Stock [Member] \nFebruary 2020 Public Offering [Member]", "Additional Paid-In Capital [Member]", "Additional Paid-In Capital [Member] \nFebruary 2020 Public Offering [Member]", "[1]", "Accumulated Deficit [Member]", "Accumulated Other Comprehensive (Loss) Income [Member]", "Total Stockholder's Equity [Member]", "Total Stockholder's Equity [Member] \nFebruary 2020 Public Offering [Member]", "Noncontrolling Interests in Subsidiaries [Member]"]], "sections": [], "data": [["Redeemable Noncontrolling Interests, Balance at Dec. 31, 2019", "", "", "", "$ 643", "", "", "", "", "", "", "", "", "", "", "", ""], ["Balance at Dec. 31, 2019", "", "$ 7,467", "", "", "$ 1", "[1]", "", "", "$ 12,736", "[1]", "", "$ (6,083)", "$ (36)", "$ 6,618", "", "$ 849"], ["Balance (Accounting Standards Update 2016-13 [Member]) at Dec. 31, 2019", "", "37", "", "", "", "", "", "", "", "", "", "37", "", "37", "", ""], ["Balance, shares at Dec. 31, 2019", "[1]", "", "", "", "905", "", "", "", "", "", "", "", "", "", "", ""], ["Reclassification between equity and mezzanine equity for convertible senior notes", "", "(44)", "", "", "", "", "", "", "(44)", "[1]", "", "", "", "(44)", "", ""], ["Exercises of conversion feature of convertible senior notes", "", "65", "", "", "$ 0", "[1]", "", "", "65", "[1]", "", "", "", "65", "", ""], ["Exercises of conversion feature of convertible senior notes, Shares", "[1]", "", "", "", "1", "", "", "", "", "", "", "", "", "", "", ""], ["Issuance of common stock for equity incentive awards", "", "217", "", "", "$ 0", "[1]", "", "", "217", "[1]", "", "", "", "217", "", ""], ["Issuance of common stock for equity incentive awards, Shares", "[1]", "", "", "", "11", "", "", "", "", "", "", "", "", "", "", ""], ["Issuance of common stock public offering", "", "", "$ 2,309", "", "", "", "$ 0", "[1]", "", "", "$ 2,309", "", "", "", "$ 2,309", ""], ["Issuance of common stock public offering, shares", "[1]", "", "", "", "", "", "15", "", "", "", "", "", "", "", "", ""], ["Stock-based compensation", "", "611", "", "", "", "", "", "", "611", "[1]", "", "", "", "611", "", ""], ["Contributions from noncontrolling interests", "", "17", "", "2", "", "", "", "", "", "", "", "", "", "", "", "17"], ["Distributions to noncontrolling interests", "", "(77)", "", "(27)", "", "", "", "", "", "", "", "", "", "", "", "(77)"], ["Other", "", "", "", "(2)", "", "", "", "", "", "", "", "", "", "", "", ""], ["Net (loss) income", "", "200", "", "(3)", "", "", "", "", "", "", "", "120", "", "120", "", "80"], ["Other comprehensive income (loss)", "", "(4)", "", "", "", "", "", "", "", "", "", "", "(4)", "(4)", "", ""], ["Redeemable Noncontrolling Interests, Balance at Jun. 30, 2020", "", "", "", "613", "", "", "", "", "", "", "", "", "", "", "", ""], ["Balance at Jun. 30, 2020", "", "10,724", "", "", "$ 1", "[1]", "", "", "15,894", "[1]", "", "(6,000)", "(40)", "9,855", "", "869"], ["Balance, shares at Jun. 30, 2020", "[1]", "", "", "", "932", "", "", "", "", "", "", "", "", "", "", ""], ["Redeemable Noncontrolling Interests, Balance at Mar. 31, 2020", "", "", "", "632", "", "", "", "", "", "", "", "", "", "", "", ""], ["Balance at Mar. 31, 2020", "", "10,040", "", "", "$ 1", "[1]", "", "", "15,389", "[1]", "", "(6,104)", "(113)", "9,173", "", "867"], ["Balance, shares at Mar. 31, 2020", "[1]", "", "", "", "927", "", "", "", "", "", "", "", "", "", "", ""], ["Reclassification between equity and mezzanine equity for convertible senior notes", "", "16", "", "", "", "", "", "", "16", "[1]", "", "", "", "16", "", ""], ["Exercises of conversion feature of convertible senior notes", "", "65", "", "", "$ 0", "[1]", "", "", "65", "[1]", "", "", "", "65", "", ""], ["Exercises of conversion feature of convertible senior notes, Shares", "[1]", "", "", "", "1", "", "", "", "", "", "", "", "", "", "", ""], ["Issuance of common stock for equity incentive awards", "", "57", "", "", "$ 0", "[1]", "", "", "57", "[1]", "", "", "", "57", "", ""], ["Issuance of common stock for equity incentive awards, Shares", "[1]", "", "", "", "4", "", "", "", "", "", "", "", "", "", "", ""], ["Stock-based compensation", "", "367", "", "", "", "", "", "", "367", "[1]", "", "", "", "367", "", ""], ["Distributions to noncontrolling interests", "", "(27)", "", "(13)", "", "", "", "", "", "", "", "", "", "", "", "(27)"], ["Other", "", "", "", "(2)", "", "", "", "", "", "", "", "", "", "", "", ""], ["Net (loss) income", "", "133", "", "(4)", "", "", "", "", "", "", "", "104", "", "104", "", "29"], ["Other comprehensive income (loss)", "", "73", "", "", "", "", "", "", "", "", "", "", "73", "73", "", ""], ["Redeemable Noncontrolling Interests, Balance at Jun. 30, 2020", "", "", "", "613", "", "", "", "", "", "", "", "", "", "", "", ""], ["Balance at Jun. 30, 2020", "", "10,724", "", "", "$ 1", "[1]", "", "", "15,894", "[1]", "", "(6,000)", "(40)", "9,855", "", "869"], ["Balance, shares at Jun. 30, 2020", "[1]", "", "", "", "932", "", "", "", "", "", "", "", "", "", "", ""], ["Redeemable Noncontrolling Interests, Balance at Dec. 31, 2020", "", "604", "", "604", "", "", "", "", "", "", "", "", "", "", "", ""], ["Balance at Dec. 31, 2020", "", "23,075", "", "", "$ 1", "", "", "", "27,260", "", "", "(5,399)", "363", "22,225", "", "850"], ["Balance (Accounting Standards Update 2020-06 [Member]) at Dec. 31, 2020", "", "263", "", "", "", "", "", "", "", "", "", "", "", "263", "", ""], ["Balance, shares at Dec. 31, 2020", "", "", "", "", "960", "", "", "", "", "", "", "", "", "", "", ""], ["Exercises of conversion feature of convertible senior notes", "", "5", "", "", "$ 0", "", "", "", "5", "", "", "", "", "5", "", ""], ["Exercises of conversion feature of convertible senior notes, Shares", "", "", "", "", "1", "", "", "", "", "", "", "", "", "", "", ""], ["Settlements of warrants", "", "0", "", "", "$ 0", "", "", "", "", "", "", "", "", "0", "", ""], ["Settlement of warrants, shares", "", "", "", "", "17", "", "", "", "", "", "", "", "", "", "", ""], ["Issuance of common stock for equity incentive awards", "", "252", "", "", "$ 0", "", "", "", "252", "", "", "", "", "252", "", ""], ["Issuance of common stock for equity incentive awards, Shares", "", "", "", "", "6", "", "", "", "", "", "", "", "", "", "", ""], ["Stock-based compensation", "", "1,162", "", "", "", "", "", "", "1,162", "", "", "", "", "1,162", "", ""], ["Contributions from noncontrolling interests", "", "0", "", "2", "", "", "", "", "", "", "", "", "", "", "", "0"], ["Distributions to noncontrolling interests", "", "(46)", "", "(26)", "", "", "", "", "", "", "", "", "", "", "", "(46)"], ["Net (loss) income", "", "1,617", "", "25", "", "", "", "", "", "", "", "1,580", "", "1,580", "", "37"], ["Other comprehensive income (loss)", "", "(157)", "", "", "", "", "", "", "", "", "", "", "(157)", "157", "", ""], ["Redeemable Noncontrolling Interests, Balance at Jun. 30, 2021", "", "605", "", "605", "", "", "", "", "", "", "", "", "", "", "", ""], ["Balance at Jun. 30, 2021", "", "25,645", "", "", "$ 1", "", "", "", "28,205", "", "", "(3,608)", "206", "24,804", "", "841"], ["Balance (Accounting Standards Update 2020-06 [Member]) at Jun. 30, 2021", "", "", "", "", "", "", "", "", "474", "", "", "211", "", "", "", ""], ["Balance, shares at Jun. 30, 2021", "", "", "", "", "984", "", "", "", "", "", "", "", "", "", "", ""], ["Redeemable Noncontrolling Interests, Balance at Mar. 31, 2021", "", "", "", "601", "", "", "", "", "", "", "", "", "", "", "", ""], ["Balance at Mar. 31, 2021", "", "23,864", "", "", "$ 1", "", "", "", "27,623", "[1]", "", "(4,750)", "143", "23,017", "", "847"], ["Balance, shares at Mar. 31, 2021", "", "", "", "", "963", "", "", "", "", "", "", "", "", "", "", ""], ["Exercises of conversion feature of convertible senior notes", "", "(6)", "", "", "$ 0", "", "", "", "(6)", "", "", "", "", "6", "", ""], ["Exercises of conversion feature of convertible senior notes, Shares", "", "", "", "", "1", "", "", "", "", "", "", "", "", "", "", ""], ["Settlements of warrants", "", "0", "", "", "$ 0", "", "", "", "", "", "", "", "", "0", "", ""], ["Settlement of warrants, shares", "", "", "", "", "17", "", "", "", "", "", "", "", "", "", "", ""], ["Issuance of common stock for equity incentive awards", "", "69", "", "", "$ 0", "", "", "", "69", "", "", "", "", "69", "", ""], ["Issuance of common stock for equity incentive awards, Shares", "", "", "", "", "3", "", "", "", "", "", "", "", "", "", "", ""], ["Stock-based compensation", "", "519", "", "", "", "", "", "", "519", "", "", "", "", "519", "", ""], ["Contributions from noncontrolling interests", "", "0", "", "2", "", "", "", "", "", "", "", "", "", "", "", "0"], ["Distributions to noncontrolling interests", "", "(26)", "", "(14)", "", "", "", "", "", "", "", "", "", "", "", "(26)"], ["Net (loss) income", "", "1,162", "", "16", "", "", "", "", "", "", "", "1,142", "", "1,142", "", "20"], ["Other comprehensive income (loss)", "", "63", "", "", "", "", "", "", "", "", "", "", "63", "63", "", ""], ["Redeemable Noncontrolling Interests, Balance at Jun. 30, 2021", "", "605", "", "$ 605", "", "", "", "", "", "", "", "", "", "", "", ""], ["Balance at Jun. 30, 2021", "", "$ 25,645", "", "", "$ 1", "", "", "", "28,205", "", "", "(3,608)", "$ 206", "$ 24,804", "", "$ 841"], ["Balance (Accounting Standards Update 2020-06 [Member]) at Jun. 30, 2021", "", "", "", "", "", "", "", "", "$ 474", "", "", "$ 211", "", "", "", ""], ["Balance, shares at Jun. 30, 2021", "", "", "", "", "984", "", "", "", "", "", "", "", "", "", "", ""], [""], ["[1]\nPrior period results have been adjusted to reflect the five-for-one stock split effected in the form of a stock dividend in August 2020.", "[1]", "Prior period results have been adjusted to reflect the five-for-one stock split effected in the form of a stock dividend in August 2020."], ["[1]", "Prior period results have been adjusted to reflect the five-for-one stock split effected in the form of a stock dividend in August 2020."]]}, {"headers": [["Consolidated Statements of Cash Flows (Unaudited) - USD ($) $ in Millions", "6 Months Ended"], ["Jun. 30, 2021", "Jun. 30, 2020"]], "sections": ["Cash Flows from Operating Activities", "Adjustments to reconcile net income (loss) to net cash provided by (used in) operating activities:", "Changes in operating assets and liabilities, net of effect of business combinations:", "Cash Flows from Investing Activities", "Cash Flows from Financing Activities", "Supplemental Non-Cash Investing and Financing Activities"], "data": [["Net income", "$ 1,642", "$ 197"], ["Depreciation, amortization and impairment", "1,302", "1,120"], ["Stock-based compensation", "1,088", "558"], ["Inventory and purchase commitments write-downs", "88", "88"], ["Foreign currency transaction net (gain) loss", "1", "(38)"], ["Non-cash interest and other operating activities", "60", "216"], ["Digital assets gain, net", "(78)", "0"], ["Accounts receivable", "(283)", "(236)"], ["Inventory", "(687)", "(535)"], ["Operating lease vehicles", "(916)", "(330)"], ["Prepaid expenses and other current assets", "(131)", "(301)"], ["Other non-current assets", "(289)", "(16)"], ["Accounts payable and accrued liabilities", "1,592", "(372)"], ["Deferred revenue", "279", "(20)"], ["Customer deposits", "52", "5"], ["Other long-term liabilities", "47", "112"], ["Net cash provided by operating activities", "3,765", "524"], ["Purchases of property and equipment excluding finance leases, net of sales", "(2,853)", "(1,001)"], ["Purchases of solar energy systems, net of sales", "(22)", "(46)"], ["Purchases of digital assets", "(1,500)", "0"], ["Proceeds from sales of digital assets", "272", "0"], ["Receipt of government grants", "6", "1"], ["Net cash used in investing activities", "(4,097)", "(1,046)"], ["Proceeds from issuances of common stock in public offerings, net of issuance costs", "0", "2,309"], ["Proceeds from issuances of convertible and other debt", "4,862", "4,946"], ["Repayments of convertible and other debt", "(7,408)", "(4,226)"], ["Collateralized lease repayments", "(8)", "(168)"], ["Proceeds from exercises of stock options and other stock issuances", "253", "217"], ["Principal payments on finance leases", "(196)", "(154)"], ["Debt issuance costs", "(5)", "0"], ["Proceeds from investments by noncontrolling interests in subsidiaries", "2", "19"], ["Distributions paid to noncontrolling interests in subsidiaries", "(65)", "(110)"], ["Payments for buy-outs of noncontrolling interests in subsidiaries", "0", "2"], ["Net cash (used in) provided by financing activities", "(2,565)", "2,831"], ["Effect of exchange rate changes on cash and cash equivalents and restricted cash", "(179)", "14"], ["Net (decrease) increase in cash and cash equivalents and restricted cash", "(3,076)", "2,323"], ["Cash and cash equivalents and restricted cash, beginning of period", "19,901", "6,783"], ["Cash and cash equivalents and restricted cash, end of period", "16,825", "9,106"], ["Acquisitions of property and equipment included in liabilities", "1,768", "668"], ["Leased assets obtained in exchange for finance lease liabilities", "177", "54"], ["Leased assets obtained in exchange for operating lease liabilities", "$ 341", "$ 187"]]}]