[{"headers": [["Consolidated Balance Sheets (Unaudited) - USD ($) $ in Thousands", "Jun. 30, 2019", "Dec. 31, 2018"]], "sections": ["Current assets", "Current liabilities", "Stockholders' equity", "Current assets", "Current assets"], "data": [["Cash and cash equivalents", "$ 4,954,740", "$ 3,685,618"], ["Restricted cash", "128,006", "192,551"], ["Accounts receivable, net", "1,147,100", "949,022"], ["Inventory", "3,382,358", "3,113,446"], ["Prepaid expenses and other current assets", "569,748", "365,671"], ["Total current assets", "10,181,952", "8,306,308"], ["Property, plant and equipment, net", "10,082,458", "11,330,077"], ["Operating lease right-of-use assets", "1,248,277", ""], ["Intangible assets, net", "327,358", "282,492"], ["Goodwill", "153,475", "68,159"], ["MyPower customer notes receivable, net of current portion", "400,308", "421,548"], ["Restricted cash, net of current portion", "365,547", "398,219"], ["Other assets", "842,978", "571,657"], ["Total assets", "31,872,597", "29,739,614"], ["Accounts payable", "3,133,587", "3,404,451"], ["Accrued liabilities and other", "2,622,943", "2,094,253"], ["Deferred revenue", "883,293", "630,292"], ["Resale value guarantees", "526,758", "502,840"], ["Customer deposits", "631,107", "792,601"], ["Current portion of long-term debt and finance leases", "1,791,085", "2,567,699"], ["Total current liabilities", "9,588,773", "9,992,136"], ["Long-term debt and finance leases, net of current portion", "11,234,401", "9,403,672"], ["Deferred revenue, net of current portion", "1,182,042", "990,873"], ["Resale value guarantees, net of current portion", "61,200", "328,926"], ["Other long-term liabilities", "2,655,720", "2,710,403"], ["Total liabilities", "24,722,136", "23,426,010"], ["Commitments and contingencies (Note 15)", "", ""], ["Redeemable noncontrolling interests in subsidiaries", "580,227", "555,964"], ["Preferred stock; $0.001 par value; 100,000 shares authorized; no shares issued and outstanding", "", ""], ["Common stock; $0.001 par value; 2,000,000 shares authorized; 179,118 and 172,603 shares issued and outstanding as of June 30, 2019 and December 31, 2018, respectively", "179", "173"], ["Additional paid-in capital", "12,052,458", "10,249,120"], ["Accumulated other comprehensive loss", "(5,605)", "(8,218)"], ["Accumulated deficit", "(6,331,639)", "(5,317,832)"], ["Total stockholders' equity", "5,715,393", "4,923,243"], ["Noncontrolling interests in subsidiaries", "854,841", "834,397"], ["Total liabilities and equity", "31,872,597", "29,739,614"], ["Operating Lease Vehicles [Member]", "", ""], ["Operating lease net", "2,069,540", "2,089,758"], ["Solar Energy Systems [Member]", "", ""], ["Solar energy systems, net", "$ 6,200,704", "$ 6,271,396"]]}, {"headers": [["Consolidated Statements of Operations (Unaudited) - USD ($) shares in Thousands, $ in Thousands", "3 Months Ended", "6 Months Ended"], ["Jun. 30, 2019", "Jun. 30, 2018", "Jun. 30, 2019", "Jun. 30, 2018"]], "sections": ["Revenues", "Cost of revenues", "Operating expenses", "Net loss per share of common stock attributable to common stockholders", "Weighted average shares used in computing net loss per share of common stock", "Revenues", "Cost of revenues", "Revenues", "Cost of revenues"], "data": [["Automotive leasing", "$ 208,362", "$ 239,816", "$ 423,482", "$ 413,252"], ["Total automotive revenues", "5,376,389", "3,357,681", "9,100,250", "6,092,998"], ["Services and other", "605,079", "270,142", "1,098,021", "533,554"], ["Total revenues", "6,349,676", "4,002,231", "10,891,140", "7,410,982"], ["Automotive leasing", "106,322", "136,915", "223,414", "241,411"], ["Total automotive cost of revenues", "4,360,085", "2,666,654", "7,333,386", "4,862,547"], ["Services and other", "743,022", "386,374", "1,428,555", "767,343"], ["Total cost of revenues", "5,428,630", "3,383,301", "9,404,351", "6,335,526"], ["Gross profit", "921,046", "618,930", "1,486,789", "1,075,456"], ["Research and development", "323,898", "386,129", "664,072", "753,225"], ["Selling, general and administrative", "647,261", "750,759", "1,351,190", "1,437,163"], ["Restructuring and other", "117,345", "103,434", "160,816", "103,434"], ["Total operating expenses", "1,088,504", "1,240,322", "2,176,078", "2,293,822"], ["Loss from operations", "(167,458)", "(621,392)", "(689,289)", "(1,218,366)"], ["Interest income", "10,362", "5,064", "19,124", "10,278"], ["Interest expense", "(171,979)", "(163,582)", "(329,432)", "(313,128)"], ["Other (expense) income, net", "(40,756)", "50,911", "(15,006)", "13,195"], ["Loss before income taxes", "(369,831)", "(728,999)", "(1,014,603)", "(1,508,021)"], ["Provision for income taxes", "19,431", "13,707", "42,304", "19,312"], ["Net loss", "(389,262)", "(742,706)", "(1,056,907)", "(1,527,333)"], ["Net income (loss) attributable to noncontrolling interests and redeemable noncontrolling interests in subsidiaries", "19,072", "(25,167)", "53,562", "(100,243)"], ["Net loss attributable to common stockholders", "$ (408,334)", "$ (717,539)", "$ (1,110,469)", "$ (1,427,090)"], ["Basic", "$ (2.31)", "$ (4.22)", "$ (6.40)", "$ (8.42)"], ["Diluted", "$ (2.31)", "$ (4.22)", "$ (6.40)", "$ (8.42)"], ["Basic", "176,654", "169,997", "174,831", "169,574"], ["Diluted", "176,654", "169,997", "174,831", "169,574"], ["Automotive Sales [Member]", "", "", "", ""], ["Revenues", "$ 5,168,027", "$ 3,117,865", "$ 8,676,768", "$ 5,679,746"], ["Cost of revenues", "4,253,763", "2,529,739", "7,109,972", "4,621,136"], ["Energy Generation and Storage [Member]", "", "", "", ""], ["Revenues", "368,208", "374,408", "692,869", "784,430"], ["Cost of revenues", "$ 325,523", "$ 330,273", "$ 642,410", "$ 705,636"]]}, {"headers": [["Consolidated Statements of Redeemable Noncontrolling Interest and Stockholders' Equity (Unaudited) - USD ($) shares in Thousands, $ in Thousands", "Total", "May 2019 Public Offering [Member]", "Redeemable Noncontrolling Interests [Member]", "Common Stock [Member]", "Common Stock [Member] \nMay 2019 Public Offering [Member]", "Additional Paid-In Capital [Member]", "Additional Paid-In Capital [Member] \nMay 2019 Public Offering [Member]", "Accumulated Deficit [Member]", "Accumulated Other Comprehensive Loss [Member]", "Total Stockholder's Equity [Member]", "Total Stockholder's Equity [Member] \nMay 2019 Public Offering [Member]", "Noncontrolling Interests in Subsidiaries [Member]"]], "sections": [], "data": [["Balance at Dec. 31, 2017", "$ 5,234,588", "", "$ 397,734", "$ 169", "", "$ 9,178,024", "", "$ (4,974,299)", "$ 33,348", "$ 4,237,242", "", "$ 997,346"], ["Balance, shares at Dec. 31, 2017", "", "", "", "168,797", "", "", "", "", "", "", "", ""], ["Reclass from mezzanine equity to equity for Convertible Senior Notes due in 2018", "70", "", "", "", "", "70", "", "", "", "70", "", ""], ["Exercises of conversion feature of convertible senior notes", "(37)", "", "", "$ 0", "", "(37)", "", "", "", "(37)", "", ""], ["Exercise of conversion feature of convertible senior notes, Shares", "", "", "", "0", "", "", "", "", "", "", "", ""], ["Common stock issued", "125,071", "", "", "$ 2", "", "125,069", "", "", "", "125,071", "", ""], ["Common stock issued, shares", "", "", "", "1,719", "", "", "", "", "", "", "", ""], ["Stock-based compensation", "353,411", "", "", "", "", "353,411", "", "", "", "353,411", "", ""], ["Contributions from noncontrolling interests", "80,571", "", "172,466", "", "", "", "", "", "", "", "", "80,571"], ["Distributions to noncontrolling interests", "(75,702)", "", "(30,497)", "", "", "", "", "", "", "", "", "(75,702)"], ["Net income (loss)", "(1,519,065)", "", "(8,268)", "", "", "", "", "(1,427,090)", "", "(1,427,090)", "", "(91,975)"], ["Other comprehensive income (loss)", "(14,803)", "", "", "", "", "", "", "", "(14,803)", "(14,803)", "", ""], ["Balance at Jun. 30, 2018", "4,727,578", "", "539,536", "$ 171", "", "9,656,537", "", "(5,768,831)", "18,545", "3,906,422", "", "821,156"], ["Balance, shares at Jun. 30, 2018", "", "", "", "170,516", "", "", "", "", "", "", "", ""], ["Balance at Mar. 31, 2018", "5,314,571", "", "405,835", "$ 170", "", "9,418,896", "", "(5,051,292)", "82,921", "4,450,695", "", "863,876"], ["Balance, shares at Mar. 31, 2018", "", "", "", "169,750", "", "", "", "", "", "", "", ""], ["Reclass from mezzanine equity to equity for Convertible Senior Notes due in 2018", "2", "", "", "", "", "2", "", "", "", "2", "", ""], ["Exercises of conversion feature of convertible senior notes", "1", "", "", "$ 0", "", "1", "", "", "", "1", "", ""], ["Exercise of conversion feature of convertible senior notes, Shares", "", "", "", "0", "", "", "", "", "", "", "", ""], ["Common stock issued", "31,053", "", "", "$ 1", "", "31,052", "", "", "", "31,053", "", ""], ["Common stock issued, shares", "", "", "", "766", "", "", "", "", "", "", "", ""], ["Stock-based compensation", "206,586", "", "", "", "", "206,586", "", "", "", "206,586", "", ""], ["Contributions from noncontrolling interests", "44,993", "", "134,340", "", "", "", "", "", "", "", "", "44,993"], ["Distributions to noncontrolling interests", "(43,648)", "", "(19,537)", "", "", "", "", "", "", "", "", "(43,648)"], ["Net income (loss)", "(761,604)", "", "18,898", "", "", "", "", "(717,539)", "", "(717,539)", "", "(44,065)"], ["Other comprehensive income (loss)", "(64,376)", "", "", "", "", "", "", "", "(64,376)", "(64,376)", "", ""], ["Balance at Jun. 30, 2018", "4,727,578", "", "539,536", "$ 171", "", "9,656,537", "", "(5,768,831)", "18,545", "3,906,422", "", "821,156"], ["Balance, shares at Jun. 30, 2018", "", "", "", "170,516", "", "", "", "", "", "", "", ""], ["Adjustments for prior periods from adopting Accounting Standards Update | Accounting Standards Update No. 2014-09 [Member]", "534,088", "", "8,101", "", "", "", "", "623,172", "", "623,172", "", "(89,084)"], ["Adjustments for prior periods from adopting Accounting Standards Update | Accounting Standards Update No. 2017-05 [Member]", "9,386", "", "", "", "", "", "", "9,386", "", "9,386", "", ""], ["Balance at Dec. 31, 2018", "5,757,640", "", "555,964", "$ 173", "", "10,249,120", "", "(5,317,832)", "(8,218)", "4,923,243", "", "834,397"], ["Balance, shares at Dec. 31, 2018", "", "", "", "172,603", "", "", "", "", "", "", "", ""], ["Exercises of conversion feature of convertible senior notes", "3", "", "", "$ 0", "", "3", "", "", "", "3", "", ""], ["Exercise of conversion feature of convertible senior notes, Shares", "", "", "", "0", "", "", "", "", "", "", "", ""], ["Conversion feature of Convertible Senior Notes due in 2024", "490,944", "", "", "", "", "490,944", "", "", "", "490,944", "", ""], ["Purchase of convertible note hedges", "(475,824)", "", "", "", "", "(475,824)", "", "", "", "(475,824)", "", ""], ["Sales of warrants", "174,432", "", "", "", "", "174,432", "", "", "", "174,432", "", ""], ["Common stock issued", "95,585", "$ 847,359", "", "$ 2", "$ 3", "95,583", "$ 847,356", "", "", "95,585", "$ 847,359", ""], ["Common stock issued, shares", "", "", "", "2,013", "3,549", "", "", "", "", "", "", ""], ["Issuance of common stock upon acquisition, net of transaction costs", "218,995", "", "", "$ 1", "", "218,994", "", "", "", "218,995", "", ""], ["Issuance of common stock upon acquisition, net of transaction costs, Shares", "", "", "", "953", "", "", "", "", "", "", "", ""], ["Stock-based compensation", "455,319", "", "", "", "", "455,319", "", "", "", "455,319", "", ""], ["Contributions from noncontrolling interests", "48,426", "", "40,440", "", "", "", "", "", "", "", "", "48,426"], ["Distributions to noncontrolling interests", "(60,749)", "", "(36,972)", "", "", "", "", "", "", "", "", "(60,749)"], ["Buy-outs of noncontrolling interests", "(7,589)", "", "", "", "", "(7,589)", "", "", "", "(7,589)", "", ""], ["Other", "4,120", "", "", "", "", "4,120", "", "", "", "4,120", "", ""], ["Net income (loss)", "(1,077,702)", "", "20,795", "", "", "", "", "(1,110,469)", "", "(1,110,469)", "", "32,767"], ["Other comprehensive income (loss)", "2,613", "", "", "", "", "", "", "", "2,613", "2,613", "", ""], ["Balance at Jun. 30, 2019", "6,570,234", "", "580,227", "$ 179", "", "12,052,458", "", "(6,331,639)", "(5,605)", "5,715,393", "", "854,841"], ["Balance, shares at Jun. 30, 2019", "", "", "", "179,118", "", "", "", "", "", "", "", ""], ["Balance at Mar. 31, 2019", "5,467,622", "", "570,284", "$ 174", "", "10,563,746", "", "(5,923,305)", "(35,019)", "4,605,596", "", "862,026"], ["Balance, shares at Mar. 31, 2019", "", "", "", "173,682", "", "", "", "", "", "", "", ""], ["Conversion feature of Convertible Senior Notes due in 2024", "490,944", "", "", "", "", "490,944", "", "", "", "490,944", "", ""], ["Purchase of convertible note hedges", "(475,824)", "", "", "", "", "(475,824)", "", "", "", "(475,824)", "", ""], ["Sales of warrants", "174,432", "", "", "", "", "174,432", "", "", "", "174,432", "", ""], ["Common stock issued", "17,632", "$ 847,359", "", "$ 1", "$ 3", "17,631", "$ 847,356", "", "", "17,632", "$ 847,359", ""], ["Common stock issued, shares", "", "", "", "984", "3,549", "", "", "", "", "", "", ""], ["Issuance of common stock upon acquisition, net of transaction costs", "204,459", "", "", "$ 1", "", "204,458", "", "", "", "204,459", "", ""], ["Issuance of common stock upon acquisition, net of transaction costs, Shares", "", "", "", "903", "", "", "", "", "", "", "", ""], ["Stock-based compensation", "225,595", "", "", "", "", "225,595", "", "", "", "225,595", "", ""], ["Contributions from noncontrolling interests", "32,025", "", "10,020", "", "", "", "", "", "", "", "", "32,025"], ["Distributions to noncontrolling interests", "(32,184)", "", "(26,175)", "", "", "", "", "", "", "", "", "(32,184)"], ["Other", "4,120", "", "", "", "", "4,120", "", "", "", "4,120", "", ""], ["Net income (loss)", "(415,360)", "", "26,098", "", "", "", "", "(408,334)", "", "(408,334)", "", "(7,026)"], ["Other comprehensive income (loss)", "29,414", "", "", "", "", "", "", "", "29,414", "29,414", "", ""], ["Balance at Jun. 30, 2019", "6,570,234", "", "$ 580,227", "$ 179", "", "$ 12,052,458", "", "(6,331,639)", "$ (5,605)", "5,715,393", "", "$ 854,841"], ["Balance, shares at Jun. 30, 2019", "", "", "", "179,118", "", "", "", "", "", "", "", ""], ["Adjustments for prior periods from adopting Accounting Standards Update | Accounting Standards Update No. 2016-02 [Member]", "$ 96,662", "", "", "", "", "", "", "$ 96,662", "", "$ 96,662", "", ""]]}, {"headers": [["Consolidated Statements of Cash Flows (Unaudited) - USD ($) $ in Thousands", "6 Months Ended"], ["Jun. 30, 2019", "Jun. 30, 2018"]], "sections": ["Cash Flows from Operating Activities", "Adjustments to reconcile net loss to net cash used in operating activities:", "Changes in operating assets and liabilities, net of effect of business combinations:", "Cash Flows from Investing Activities", "Cash Flows from Financing Activities", "Supplemental Non-Cash Investing and Financing Activities"], "data": [["Net loss", "$ (1,056,907)", "$ (1,527,333)"], ["Depreciation, amortization and impairment", "1,046,149", "901,488"], ["Stock-based compensation", "418,241", "338,983"], ["Amortization of debt discounts and issuance costs", "82,123", "74,419"], ["Inventory write-downs", "115,672", "46,098"], ["Loss on disposals of fixed assets", "47,931", "118,850"], ["Foreign currency transaction (gains) losses", "(10,848)", "6,185"], ["Non-cash interest and other operating activities", "158,699", "5,685"], ["Operating cash flow related to repayment of discounted convertible notes", "(188,107)", ""], ["Accounts receivable", "(168,312)", "(98,509)"], ["Inventory", "(352,428)", "(1,055,556)"], ["Operating lease vehicles", "(175,898)", "(186,208)"], ["Prepaid expenses and other current assets", "(139,141)", "(95,194)"], ["Other non-current assets", "42,165", "(59,446)"], ["Accounts payable and accrued liabilities", "49,898", "909,720"], ["Deferred revenue", "476,556", "107,497"], ["Customer deposits", "(160,376)", "42,920"], ["Resale value guarantee", "(76,332)", "(39,563)"], ["Other long-term liabilities", "114,915", "(18,076)"], ["Net cash provided by (used in) operating activities", "224,000", "(528,040)"], ["Purchases of property and equipment excluding finance leases, net of sales", "(529,609)", "(1,265,475)"], ["Purchases of solar energy systems", "(43,458)", "(140,375)"], ["Purchase of intangible assets", "(5,333)", ""], ["Business combinations, net of cash acquired", "31,012", "(5,604)"], ["Net cash used in investing activities", "(547,388)", "(1,411,454)"], ["Proceeds from issuances of common stock in public offerings", "848,232", ""], ["Proceeds from issuances of convertible and other debt", "5,007,481", "3,043,227"], ["Repayments of convertible and other debt", "(3,700,332)", "(2,268,716)"], ["Repayments of borrowings issued to related parties", "", "(17,500)"], ["Collateralized lease repayments", "(219,323)", "(200,518)"], ["Proceeds from exercises of stock options and other stock issuances", "95,585", "125,071"], ["Principal payments on finance leases", "(142,571)", "(48,182)"], ["Common stock and debt issuance costs", "(30,376)", "(3,671)"], ["Purchase of convertible note hedges", "(475,824)", ""], ["Proceeds from issuance of warrants", "174,432", ""], ["Proceeds from investments by noncontrolling interests in subsidiaries", "88,866", "253,037"], ["Distributions paid to noncontrolling interests in subsidiaries", "(148,759)", "(109,545)"], ["Payments for buy-outs of noncontrolling interests in subsidiaries", "(7,589)", "(2,921)"], ["Net cash provided by financing activities", "1,489,822", "770,282"], ["Effect of exchange rate changes on cash and cash equivalents and restricted cash", "5,471", "(12,509)"], ["Net increase (decrease) in cash and cash equivalents and restricted cash", "1,171,905", "(1,181,721)"], ["Cash and cash equivalents and restricted cash, beginning of period", "4,276,388", "3,964,959"], ["Cash and cash equivalents and restricted cash, end of period", "5,448,293", "2,783,238"], ["Equity issued in connection with business combination", "207,222", ""], ["Acquisitions of property and equipment included in liabilities", "$ 287,002", "335,048"], ["Estimated fair value of facilities under build-to-suit leases", "", "$ 61,709"]]}]